
@article{Yuehong_fom,
	Abstract = {},
	Author = {Y. Xie},
	Journal = {\lhcb internal WG presentation},
	Month = {02},
	Number = {},
	Numpages = {},
	Pages = {},
	Title = {Figure of merit for ``B$_s^0 \to K K$ event selection optimization},
	Volume = {},
	Url = {https://indico.cern.ch/conferenceDisplay.py?confId=236950},
	Year = {2013}
}

@article{TMVA,
      author         = "A. Hoecker P et al.",
      title          = "{TMVA Toolkit for Multivariate Data Analysis with ROOT}",
      collaboration  = "CERN",
      journal        = "PoS ACAT:040",
      number         = "040",
      volume         = "",
      pages          = "",
      doi            = "",
      year           = "2007",
      eprint         = "0703039",
      archivePrefix  = "arXiv",
      primaryClass   = "physics.data-an",
      reportNumber   = "CERN-OPEN-2007-007",
}

@article{SheldonBdpipi,
      author         = "Aaij, Roel and others",
      title          = "{Measurement of the resonant and CP components in
                        $\overline{B}^0\to J/\psi \pi^+\pi^-$ decays}",
      collaboration  = "LHCb",
      journal        = "Phys.Rev.",
      number         = "1",
      volume         = "D90",
      pages          = "012003",
      doi            = "",
      year           = "2014",
      eprint         = "1404.5673",
      archivePrefix  = "arXiv",
      primaryClass   = "hep-ex",
      reportNumber   = "CERN-PH-EP-2014-069, LHCB-PAPER-2014-012",
}

@article{SheldonBspipi,
      author         = "Aaij, Roel and others",
      title          = "{Measurement of resonant and CP components in
                        $\bar{B}_s^0\to J/\psi\pi^+\pi^-$ decays}",
      collaboration  = "LHCb",
      journal        = "Phys.Rev.",
      number         = "9",
      volume         = "D89",
      pages          = "092006",
      doi            = "",
      year           = "2014",
      eprint         = "1402.6248",
      archivePrefix  = "arXiv",
      primaryClass   = "hep-ex",
      reportNumber   = "LHCB-PAPER-2013-069, CERN-PH-EP-2014-024",
}

@article{SheldonKK,
      author         = "Aaij, R and others",
      title          = "{Amplitude analysis and the branching fraction
                        measurement of $\bar{B}^0_s \to J/\psi K^+K^-$}",
      collaboration  = "LHCb",
      journal        = "Phys.Rev.",
      number         = "7",
      volume         = "D87",
      pages          = "072004",
      doi            = "",
      year           = "2013",
      eprint         = "1302.1213",
      archivePrefix  = "arXiv",
      primaryClass   = "hep-ex",
      reportNumber   = "LHCB-PAPER-2012-040, CERN-PH-EP-2013-008",
}

@article{SheldonAndLiming,
      author         = "Zhang, Liming and Stone, Sheldon",
      title          = "{Time-dependent Dalitz-plot formalism for \BJpsihh}",
      journal        = "Phys.Lett.",
      volume         = "B719",
      pages          = "383-387",
      doi            = "",
      year           = "2013",
      eprint         = "1212.6434",
      archivePrefix  = "arXiv",
}

@article{Gao:1701984,
      author        = "Gao, Yuanning and Yang, Zhenwei and Yuan, Xuhao",
      title         = "{Measurement of $\Lambda_b$ differential production cross
                       section in $\Lambda_b\rightarrow J/\psi p K^-$ decay}",
      month         = "May",
      year          = "2014",
      report        = "\href{https://cds.cern.ch/record/1701984}{LHCb-ANA-2014-057}",
}

@article{splot,
      author         = "Muriel Pivk, Francois R. Le Diberder",
      title          = "{sPlot: a statistical tool to unfold data distributions}",
      collaboration  = "LHCb",
      journal        = "Nucl.Instrum.Meth.",
      number         = "A555",
      volume         = "",
      pages          = "356-369",
      doi            = "",
      year           = "2005",
      eprint         = "0402083",
      archivePrefix  = "arXiv",
      primaryClass   = "physics.data-an",
      reportNumber   = "",
}

@article{Amoroso,
      author         = "Amoroso, L.",
      title          = "{Richerche intorno alla curve die redditi}",
      journal        = "Ann. Mat. Pura. Appl.",
      volume         = "21",
      pages          = "123-159",
      year           = "1925"
}

@article{Santos:2013gra,
      author         = "Martinez Santos, Diego and Dupertuis, Frederic",
      title          = "{Mass distributions marginalized over per-event errors}",
      journal        = "Nucl.Instrum.Meth.",
      volume         = "A764",
      pages          = "150-155",
      doi            = "10.1016/j.nima.2014.06.081",
      year           = "2014",
      eprint         = "1312.5000",
      archivePrefix  = "arXiv",
      primaryClass   = "hep-ex",
      SLACcitation   = "%%CITATION = ARXIV:1312.5000;%%",
}

@article{transvFrameworkI,
      author       = "Valencia, G",
      title        = "Angular correlations in the decay ${B}\to {VV}$ and {CP} violation",
      journal      = "Phys. Rev. D",
      number       = "BNL-42229",
      volume       = "39",
      pages        = "3339-3345",
      month        = "Dec",
      year         = "1988",
}

@article{transvFrameworkII,
      author       = "Kr{\"a}mer, G and Mannel, T and Palmer, W F",
      title        = "Angular correlations in the decays ${B}\to {VV}$ using heavy quark symmetry",
      journal      = "Z. Phys. C",
      number       = "DESY-92-042. IKDA-92-8",
      volume       = "55",
      pages        = "497-502",
      month        = "Mar",
      year         = "1992",
}

@article{helicityFormI,
      author         = "Jacob, M. and Wick, G.C.",
      title          = "{On the general theory of collisions for particles with
                        spin}",
      journal        = "Annals Phys.",
      volume         = "7",
      pages          = "404-428",
      doi            = "10.1016/0003-4916(59)90051-X",
      year           = "1959",
      SLACcitation   = "%%CITATION = APNYA,7,404;%%",
}

@book{helicityFormII,
      author         = "Kutschke, Robert K.",
      title          = "{An Angular Distribution Cookbook}",
      publisher      = {internal CLEO note},
      year           = "1996",
}

@phdthesis{daanThesis,
      author        = "van Eijk, Daan and Bouter, L M",
      title         = "{Ageing and the Decay of Beauty: Radiation Hardness of the
                       LHCb Outer Tracker and Time-Dependent CP Violation using
                       $B^{0}_{s} \to J/\psi\phi$}",
      school        = "Vrije U., Amsterdam",
      year          = "2012",
      reportNumber  = "CERN-THESIS-2012-137",
      url           = "https://cds.cern.ch/record/1484405",
      note          = "Presented 2012",
}

@phdthesis{jeroenThesis,
      author        = "van Leerdam, Jeroen",
      title         = "Measurement of CP Violation in Mixing and Decay of Strange Beauty Mesons",
      school        = "Vrije U., Amsterdam",
      year          = "2012",
      reportNumber  = "BLAH",
      url           = "BLAH",
      note          = "Presented 2016",
}

@phdthesis{tristanThesis,
      author        = "du Pree, Tristan and Merk, M H M and Raven, H G",
      title         = "{Search for a Strange Phase in Beautiful Oscillations}",
      school        = "Vrije U., Amsterdam ",
      address       = "Amsterdam",
      year          = "2010",
      reportNumber  = "CERN-THESIS-2010-124",
      url           = "https://cds.cern.ch/record/1299931",
      note          = "Presented on 22 Oct 2010",
}

@article{LHCb-PAPER-2013-018,
      author         = "Aaij, R. and others",
      title          = "{First observation of $CP$ violation in the decays of $B_s^0$ mesons}",
      collaboration  = "LHCb collaboration",
      journal        = "Phys. Rev. Lett.",
      volume         = "110",
      pages          = "221601",
      doi            = "10.1103/PhysRevLett.110.221601",
      year           = "2013",
      eprint         = "1304.6173",
      archivePrefix  = "arXiv",
      primaryClass   = "hep-ex",
      reportNumber   = "CERN-PH-EP-2013-068, LHCB-PAPER-2013-018",
      SLACcitation   = "%%CITATION = ARXIV:1304.6173;%%",
}

@article{LHCb-PAPER-2014-053,
      author         = "Aaij, R. and others",
      title          = "{Measurement of the semileptonic $CP$ asymmetry in
                        $B^0$--$\bar{B}^0$ mixing}",
      collaboration  = "LHCb collaboration",
      year           = "2014",
      eprint         = "1409.8586",
      archivePrefix  = "arXiv",
      primaryClass   = "hep-ex",
      reportNumber   = "CERN-PH-EP-2014-237, LHCB-PAPER-2014-053",
      SLACcitation   = "%%CITATION = ARXIV:1409.8586;%%",
      note           = "{to appear in Phys. Rev. Lett.}",
}

@article{LHCb-PAPER-2014-042,
      author         = "Aaij, R. and others",
      title          = "{Measurement of the $\bar{B}^0$--$B^0$ and $\bar{B}^0_s$--$B^0_s$ production asymmetries in $pp$ collisions at $\sqrt{s}=7$ TeV}",
      collaboration  = "LHCb collaboration",
      journal        = "Phys. Lett.",
      volume         = "B739",
      pages          = "218",
      doi            = "10.1016/j.physletb.2014.10.005",
      year           = "2014",
      eprint         = "1408.0275",
      archivePrefix  = "arXiv",
      primaryClass   = "hep-ex",
      reportNumber   = "CERN-PH-EP-2014-181, LHCB-PAPER-2014-042",
      SLACcitation   = "%%CITATION = ARXIV:1408.0275;%%",
}

@article{LHCb-PAPER-2014-013,
      author         = "Aaij, R. and others",
      title          = "{Measurement of $CP$ asymmetry in $D^0 \to K^-
                        K^+$ and $D^0 \to \pi^- \pi^+$ decays}",
      collaboration  = "LHCb collaboration",
      journal        = "JHEP",
      volume         = "07",
      pages          = "041",
      doi            = "10.1007/JHEP07(2014)041",
      year           = "2014",
      eprint         = "1405.2797",
      archivePrefix  = "arXiv",
      primaryClass   = "hep-ex",
      reportNumber   = "CERN-PH-EP-2014-082, LHCB-PAPER-2014-013",
      SLACcitation   = "%%CITATION = ARXIV:1405.2797;%%",
}

@article{LHCb-PAPER-2013-011,
      author         = "Aaij, R. and others",
      title          = "{Precision measurement of $D$ meson mass differences}",
      collaboration  = "LHCb collaboration",
      journal        = "JHEP",
      volume         = "06",
      pages          = "065",
      doi            = "10.1007/JHEP06(2013)065",
      year           = "2013",
      eprint         = "1304.6865",
      archivePrefix  = "arXiv",
      primaryClass   = "hep-ex",
      reportNumber   = "CERN-PH-EP-2013-053, LHCB-PAPER-2013-011",
      SLACcitation   = "%%CITATION = ARXIV:1304.6865;%%",
}

@article{DeBruyn:2014oga,
      author         = "De Bruyn, Kristof and Fleischer, Robert",
      title          = "{A Roadmap to Control Penguin Effects in $B^0_d\to J/\psi
                        K_{\rm S}^0$ and $B^0_s\to J/\psi \phi$}",
      journal        = "JHEP",
      volume         = "1503",
      pages          = "145",
      doi            = "10.1007/JHEP03(2015)145",
      year           = "2015",
      eprint         = "1412.6834",
      archivePrefix  = "arXiv",
      primaryClass   = "hep-ph",
      reportNumber   = "NIKHEF-2014-031",
      SLACcitation   = "%%CITATION = ARXIV:1412.6834;%%",
}

@article{Charles:2015gya,
      author         = "Charles, J. and Deschamps, O. and Descotes-Genon, S. and
                        Lacker, H. and Menzel, A. and others",
      title          = "{Current Status of the Standard Model CKM Fit and
                        Constraints on $\Delta F=2$ New Physics}",
      collaboration  = "CKMfitter group",
      journal        = "Phys.Rev.",
      number         = "7",
      volume         = "D91",
      pages          = "073007",
      doi            = "10.1103/PhysRevD.91.073007",
      year           = "2015",
      eprint         = "1501.05013",
      archivePrefix  = "arXiv",
      primaryClass   = "hep-ph",
      reportNumber   = "LPT-ORSAY-15-04",
      SLACcitation   = "%%CITATION = ARXIV:1501.05013;%%",
      note           = "Online update:
                        \href{http://ckmfitter.in2p3.fr}{CKM 2014}",
}

@article{LHCb-CONF-2013-011,
      title         = "{Updated average $f_s/f_d$ $b$-hadron production fraction
                       ratio for 7 TeV $pp$ collisions}",
      collaboration = "LHCb Collaboration",
      month         = "Jul",
      year          = "2013",
      reportNumber  = "LHCb-CONF-2013-011",
      url           = "https://cds.cern.ch/record/1559262",
}

@article{PDG,
      author         = "Olive, K. A. and others",
      title          = "{Review of Particle Physics}",
      collaboration  = "Particle Data Group",
      journal        = "Chin. Phys.",
      volume         = "C38",
      year           = "2014",
      pages          = "090001",
      doi            = "10.1088/1674-1137/38/9/090001",
      SLACcitation   = "%%CITATION = CHPHD,C38,090001;%%"
}
